<?xml version="1.0" encoding="UTF-8"?><collection xmlns="http://www.loc.gov/MARC21/slim"><record><leader>00537nam--2200193-i-4500</leader><controlfield tag="001">000031975</controlfield><controlfield tag="002">20161230</controlfield><controlfield tag="005">20161230201038</controlfield><controlfield tag="008">060222s1000------------r-----000-0-ger-d</controlfield><datafield ind1=" " ind2=" " tag="040"><subfield code="a">IFIN-HH</subfield></datafield><datafield ind1=" " ind2=" " tag="041"><subfield code="a">ger</subfield></datafield><datafield ind1=" " ind2=" " tag="080"><subfield code="a">535.822</subfield></datafield><datafield ind1="1" ind2=" " tag="100"><subfield code="a">Michel, Kurt</subfield></datafield><datafield ind1="1" ind2="0" tag="245"><subfield code="a">Die grundlagen der theorie des mikroscops</subfield><subfield code="c">Kurt michel</subfield></datafield><datafield ind1=" " ind2=" " tag="260"><subfield code="a">Stuttgart</subfield><subfield code="b">Wissenschatliche Verlagsgeselschaft M.B.H</subfield><subfield code="c">1950</subfield></datafield><datafield ind1=" " ind2=" " tag="300"><subfield code="a">XII + 314P.+ 160 FIG</subfield></datafield><datafield ind1=" " ind2=" " tag="490"><subfield code="a">Physik Und Technik</subfield><subfield code="v">Band 1</subfield></datafield><datafield ind1=" " ind2=" " tag="852"><subfield code="a">11642</subfield><subfield code="c">535</subfield></datafield><datafield ind1=" " ind2=" " tag="CAT"><subfield code="a">Sys</subfield><subfield code="c">20101018</subfield><subfield code="h">144243</subfield></datafield></record></collection>